@book{ortony1993metaphor,
  title={Metaphor and thought},
  author={Ortony, Andrew},
  year={1993},
  publisher={Cambridge University Press}
}