@article{gentner1997alignment,
  title={Alignment in the processing of metaphor},
  author={Gentner, Dedre and Wolff, Phillip},
  journal={Journal of memory and language},
  volume={37},
  number={3},
  pages={331--355},
  year={1997},
  publisher={Elsevier}
}

@article{bowdle2005career,
  title={The career of metaphor.},
  author={Bowdle, Brian F and Gentner, Dedre},
  journal={Psychological review},
  volume={112},
  number={1},
  pages={193},
  year={2005},
  publisher={American Psychological Association}
}

@book{ortony1993metaphor,
  title={Metaphor and thought},
  author={Ortony, Andrew},
  year={1993},
  publisher={Cambridge University Press}
}
@article{lakoff1993contemporary,
  title={The contemporary theory of metaphor},
  author={Lakoff, George and others},
  journal={Metaphor and thought},
  volume={2},
  pages={202--251},
  year={1993},
  publisher={Cambridge}
}

@article{thibodeau2011metaphors,
  title={Metaphors we think with: The role of metaphor in reasoning},
  author={Thibodeau, Paul H and Boroditsky, Lera},
  journal={PLoS One},
  volume={6},
  number={2},
  pages={e16782},
  year={2011},
  publisher={Public Library of Science}
}

@article{giora1997understanding,
  title={Understanding figurative and literal language: The graded salience hypothesis},
  author={Giora, Rachel},
  journal={Cognitive Linguistics},
  volume={8},
  pages={183--206},
  year={1997},
  publisher={MOUTON DE GRUYTER}
}

@article{gibbs2002new,
  title={A new look at literal meaning in understanding what is said and implicated},
  author={Gibbs, Raymond},
  journal={Journal of Pragmatics},
  volume={34},
  number={4},
  pages={457--486},
  year={2002},
  publisher={Elsevier}
}

@article{blasko1993effects,
  title={Effects of familiarity and aptness on metaphor processing.},
  author={Blasko, Dawn G and Connine, Cynthia M},
  journal={Journal of experimental psychology: Learning, memory, and cognition},
  volume={19},
  number={2},
  pages={295},
  year={1993},
  publisher={American Psychological Association}
}
@article{tourangeau1981aptness,
  title={Aptness in metaphor},
  author={Tourangeau, Roger and Sternberg, Robert J},
  journal={Cognitive psychology},
  volume={13},
  number={1},
  pages={27--55},
  year={1981},
  publisher={Elsevier}
}

@book{ricoeur2003rule,
  title={The rule of metaphor: The creation of meaning in language},
  author={Ricoeur, Paul},
  year={2003},
  publisher={Psychology Press}
}
@book{gibbs1994poetics,
  title={The poetics of mind: Figurative thought, language, and understanding},
  author={Gibbs, Raymond W},
  year={1994},
  publisher={Cambridge University Press}
}
@book{pilkington2000poetic,
  title={Poetic Effects: A Revelance Theory Perspective},
  author={Pilkington, Adrian},
  volume={75},
  year={2000},
  publisher={John Benjamins}
}

@book{lakoff2009more,
  title={More than cool reason: A field guide to poetic metaphor},
  author={Lakoff, George and Turner, Mark},
  year={2009},
  publisher={University of Chicago Press}
}

@article{roberts1994people,
  title={Why do people use figurative language?},
  author={Roberts, Richard M and Kreuz, Roger J},
  journal={Psychological Science},
  volume={5},
  number={3},
  pages={159--163},
  year={1994},
  publisher={SAGE Publications}
}

@article{wilson2002relevance,
  title={Relevance theory},
  author={Wilson, Deirdre and Sperber, Dan},
  journal={Handbook of pragmatics},
  year={2002},
  publisher={Blackwell}
}

@article{wilson2006metaphor,
  title={Metaphor, relevance and the ‘emergent property’issue},
  author={Wilson, Deirdre and Carston, Robyn},
  journal={Mind \& Language},
  volume={21},
  number={3},
  pages={404--433},
  year={2006},
  publisher={Wiley Online Library}
}

@article{glucksberg1993metaphors,
  title={How metaphors work.},
  author={Glucksberg, Sam and Keysar, Boaz},
  year={1993},
  publisher={Cambridge University Press}
}

@book{glucksberg2001understanding,
  title={Understanding figurative language: From metaphors to idioms.},
  author={Glucksberg, Sam},
  year={2001},
  publisher={Oxford University Press}
}

@article{tendahl2008complementary,
  title={Complementary perspectives on metaphor: Cognitive linguistics and relevance theory},
  author={Tendahl, Markus and Gibbs, Raymond W},
  journal={Journal of Pragmatics},
  volume={40},
  number={11},
  pages={1823--1864},
  year={2008},
  publisher={Elsevier}
}

@article{kintsch2002metaphor,
  title={Metaphor comprehension: What makes a metaphor difficult to understand?},
  author={Kintsch, Walter and Bowles, Anita R},
  journal={Metaphor and symbol},
  volume={17},
  number={4},
  pages={249--262},
  year={2002},
  publisher={Taylor \& Francis}
}

@article{sperber2008deflationary,
  title={A deflationary account of metaphors},
  author={Sperber, Dan and Wilson, Deirdre},
  journal={The Cambridge handbook of metaphor and thought},
  pages={84--105},
  year={2008}
}

@inproceedings{sperber1985loose,
  title={Loose talk},
  author={Sperber, Dan and Wilson, Deirdre},
  booktitle={Proceedings of the Aristotelian society},
  volume={86},
  pages={153--171},
  year={1985},
  organization={JSTOR}
}

@article{grice1975logic,
  title={Logic and conversation},
  author={Grice, H Paul},
  journal={1975},
  pages={41--58},
  year={1975}
}

@article{frank2012predicting,
  title={Predicting pragmatic reasoning in language games},
  author={Frank, Michael C and Goodman, Noah D},
  journal={Science},
  volume={336},
  number={6084},
  pages={998--998},
  year={2012},
  publisher={American Association for the Advancement of Science}
}

@article{goodman2013knowledge,
  title={Knowledge and implicature: Modeling language understanding as social cognition},
  author={Goodman, Noah D and Stuhlm{\"u}ller, Andreas},
  journal={Topics in cognitive science},
  volume={5},
  number={1},
  pages={173--184},
  year={2013},
  publisher={Wiley Online Library}
}

@inproceedings{bergen2012s,
  title={That’s what she (could have) said: How alternative utterances affect language use},
  author={Bergen, Leon and Goodman, Noah D and Levy, Roger},
  booktitle={Proceedings of the thirty-fourth annual conference of the cognitive science society},
  year={2012}
}

@inproceedings{jager2009pragmatic,
  title={Pragmatic rationalizability},
  author={J{\"a}ger, Gerhard and Ebert, Christian},
  booktitle={Proceedings of sinn und bedeutung},
  volume={13},
  pages={1--15},
  year={2009}
}

@book{clark1996using,
  title={Using language},
  author={Clark, Herbert H},
  volume={4},
  year={1996},
  publisher={Cambridge University Press Cambridge}
}

@book{sutton1998reinforcement,
  title={Reinforcement learning: An introduction},
  author={Sutton, Richard S and Barto, Andrew G},
  volume={1},
  number={1},
  year={1998},
  publisher={Cambridge Univ Press}
}

@ARTICLE{Miller95wordnet:a,
    author = {George A. Miller},
    title = {WordNet: A Lexical Database for English},
    journal = {COMMUNICATIONS OF THE ACM},
    year = {1995},
    volume = {38},
    pages = {39--41}
}

@article{glucksberg1990understanding,
  title={Understanding metaphorical comparisons: Beyond similarity.},
  author={Glucksberg, Sam and Keysar, Boaz},
  journal={Psychological review},
  volume={97},
  number={1},
  pages={3},
  year={1990},
  publisher={American Psychological Association}
}